<?xml version="1.0" encoding="UTF-8"?><record xmlns="http://www.loc.gov/MARC21/slim" xmlns:cinclude="http://apache.org/cocoon/include/1.0" xmlns:zs="http://www.loc.gov/zing/srw/">
  <leader>00831nz  a2200205n  4500</leader>
  <controlfield tag="001">no2013135169</controlfield>
  <controlfield tag="003">DLC</controlfield>
  <controlfield tag="005">20131205073506.0</controlfield>
  <controlfield tag="008">131204n| azannaabn          |n aaa     c</controlfield>
  <datafield tag="010" ind1=" " ind2=" ">
    <subfield code="a">no2013135169</subfield>
  </datafield>
  <datafield tag="035" ind1=" " ind2=" ">
    <subfield code="a">(OCoLC)oca09629247</subfield>
  </datafield>
  <datafield tag="040" ind1=" " ind2=" ">
    <subfield code="a">WlAbNL</subfield>
    <subfield code="b">eng</subfield>
    <subfield code="e">rda</subfield>
    <subfield code="c">WlAbNL</subfield>
  </datafield>
  <datafield tag="046" ind1=" " ind2=" ">
    <subfield code="f">19630726</subfield>
  </datafield>
  <datafield tag="100" ind1="1" ind2=" ">
    <subfield code="a">Roberts, Nicole,</subfield>
    <subfield code="d">1963-</subfield>
  </datafield>
  <datafield tag="370" ind1=" " ind2=" ">
    <subfield code="c">Bahamas</subfield>
    <subfield code="e">Nassau (Bahamas)</subfield>
    <subfield code="e">London (England)</subfield>
    <subfield code="2">naf</subfield>
  </datafield>
  <datafield tag="375" ind1=" " ind2=" ">
    <subfield code="a">female</subfield>
  </datafield>
  <datafield tag="377" ind1=" " ind2=" ">
    <subfield code="a">eng</subfield>
  </datafield>
  <datafield tag="670" ind1=" " ind2=" ">
    <subfield code="a">Young Lyndon: a little boy from East Street, Nassau, 2013:</subfield>
    <subfield code="b">t.p. (Nicole Roberts)</subfield>
  </datafield>
  <datafield tag="670" ind1=" " ind2=" ">
    <subfield code="a">NLW AL recd. 3 Dec. 2013</subfield>
    <subfield code="b">(Nicole Roberts, b. 26 July 1963 ; not the author of: Methods in Caribbean Research)</subfield>
  </datafield>
  <datafield tag="670" ind1=" " ind2=" ">
    <subfield code="a">The Bahamas Weekly WWW site, viewed 3 Dec. 2013</subfield>
    <subfield code="b">(Nicole Roberts is a native Bahamian who lives between her homeland of Nassau in the Bahamas and London, England)</subfield>
  </datafield>
</record>